@inproceedings{schopf_etal_nlpir22,
author = {Schopf, Tim and Braun, Daniel and Matthes, Florian},
title = {Evaluating Unsupervised Text Classification: Zero-shot and Similarity-based Approaches},
year = {2023},
publisher = {Association for Computing Machinery},
address = {New York, NY, USA},
booktitle = {2022 6th International Conference on Natural Language Processing and Information Retrieval (NLPIR)},
keywords = {Natural Language Processing, Unsupervised Text Classification, Zero-shot Text Classification},
location = {Bangkok, Thailand},
series = {NLPIR 2022}
}

@inproceedings{borsch2011,
	Address = {Canberra, Australia},
	Author = {Benjamin Borschinger and Mark Johnson},
	Booktitle = {Proceedings of the Australasian Language Technology Association Workshop 2011},
	Month = {December},
	Pages = {10--18},
	Title = {A Particle Filter algorithm for {B}ayesian Wordsegmentation},
	Year = {2011}}


@book{Aho:72,
    author  = {Alfred V. Aho and Jeffrey D. Ullman},
    title   = {The Theory of Parsing, Translation and Compiling},
    year    = "1972",
    volume  = "1",
    publisher = {Prentice-Hall},
    address = {Englewood Cliffs, NJ}
}

@book{APA:83,
    author  = {{American Psychological Association}},
    title   = {Publications Manual},
    year    = "1983",
   publisher = {American Psychological Association},
   address = {Washington, DC}
}

@article{ACM:83,
	author = {Association for Computing Machinery},
	year = "1983",
	journal = {Computing Reviews},
	volume = "24",
	number = "11",
	pages = "503--512"
}

@article{Chandra:81,
	author = {Ashok K. Chandra and Dexter C. Kozen and Larry J. Stockmeyer},
	year = "1981",
	title = {Alternation},
	journal = {Journal of the Association for Computing Machinery},
	volume = "28",
	number = "1",
	pages = "114--133",
	doi = "10.1145/322234.322243",
}

@misc{zhang2022private,
      title={Private Semi-supervised Knowledge Transfer for Deep Learning from Noisy Labels}, 
      author={Qiuchen Zhang and Jing Ma and Jian Lou and Li Xiong and Xiaoqian Jiang},
      year={2022},
      eprint={2211.01628},
      archivePrefix={arXiv},
      primaryClass={cs.LG}
}

@misc{li2021survey,
      title={A Survey on Text Classification: From Shallow to Deep Learning}, 
      author={Qian Li and Hao Peng and Jianxin Li and Congying Xia and Renyu Yang and Lichao Sun and Philip S. Yu and Lifang He},
      year={2021},
      eprint={2008.00364},
      archivePrefix={arXiv},
      primaryClass={cs.CL}
}

@article{AutoIndex,
    author = "M. E. Maron",
    title = "{Automatic Indexing: An Experimental Inquiry}.",
    journal = "Journal of the ACM",
    volume = "8",
    number = "10",
    pages = "404--417",
    year = "1961",
    DOI = "https://doi.org/10.1145/321075.321084"
}

@article{TextSVM,
    author="Joachims, Thorsten",
    editor="N{\'e}dellec, Claire
    and Rouveirol, C{\'e}line",
    title="Text categorization with Support Vector Machines: Learning with many relevant features",
    booktitle="Machine Learning: ECML-98",
    year="1998",
    publisher="Springer Berlin Heidelberg",
    address="Berlin, Heidelberg",
    pages="137--142",
    isbn="978-3-540-69781-7"
}

@article{multitask,
    author = {Ronan Collobert and Jason Weston},
    title = "A unified architecture for natural language processing: deep neural networks with multitask learning",
    journal = "ICML '08: Proceedings of the 25th international conference on Machine learning",
    pages = "160--167",
    year = "2008",
    DOI = "https://doi.org/10.1145/1390156.1390177"
}

@article{Bengio,
    author = {Yoshua Bengio and RÃ©jean Ducharme and Pascal Vincent and Christian Janvin},
    title = "A neural probabilistic language model",
    journal = "The Journal of Machine Learning Research",
    volume = "3",
    pages = "1137--1155",
    year = "2003"
}

@inproceedings{socher-etal-2013-recursive,
    title = "Recursive Deep Models for Semantic Compositionality Over a Sentiment Treebank",
    author = "Socher, Richard  and
      Perelygin, Alex  and
      Wu, Jean  and
      Chuang, Jason  and
      Manning, Christopher D.  and
      Ng, Andrew  and
      Potts, Christopher",
    booktitle = "Proceedings of the 2013 Conference on Empirical Methods in Natural Language Processing",
    month = oct,
    year = "2013",
    address = "Seattle, Washington, USA",
    publisher = "Association for Computational Linguistics",
    url = "https://aclanthology.org/D13-1170",
    pages = "1631--1642",
}

@misc{vaswani2017attention,
      title={Attention Is All You Need}, 
      author={Ashish Vaswani and Noam Shazeer and Niki Parmar and Jakob Uszkoreit and Llion Jones and Aidan N. Gomez and Lukasz Kaiser and Illia Polosukhin},
      year={2017},
      eprint={1706.03762},
      archivePrefix={arXiv},
      primaryClass={cs.CL},
}

@misc{devlin2019bert,
      title={BERT: Pre-training of Deep Bidirectional Transformers for Language Understanding}, 
      author={Jacob Devlin and Ming-Wei Chang and Kenton Lee and Kristina Toutanova},
      year={2019},
      eprint={1810.04805},
      archivePrefix={arXiv},
      primaryClass={cs.CL}
}

@misc{brown2020language,
      title={Language Models are Few-Shot Learners}, 
      author={Tom B. Brown and Benjamin Mann and Nick Ryder and Melanie Subbiah and Jared Kaplan and Prafulla Dhariwal and Arvind Neelakantan and Pranav Shyam and Girish Sastry and Amanda Askell and Sandhini Agarwal and Ariel Herbert-Voss and Gretchen Krueger and Tom Henighan and Rewon Child and Aditya Ramesh and Daniel M. Ziegler and Jeffrey Wu and Clemens Winter and Christopher Hesse and Mark Chen and Eric Sigler and Mateusz Litwin and Scott Gray and Benjamin Chess and Jack Clark and Christopher Berner and Sam McCandlish and Alec Radford and Ilya Sutskever and Dario Amodei},
      year={2020},
      eprint={2005.14165},
      archivePrefix={arXiv},
      primaryClass={cs.CL}
}

@misc{gao2021making,
      title={Making Pre-trained Language Models Better Few-shot Learners}, 
      author={Tianyu Gao and Adam Fisch and Danqi Chen},
      year={2021},
      eprint={2012.15723},
      archivePrefix={arXiv},
      primaryClass={cs.CL}
}

@misc{openai2023gpt4,
      title={GPT-4 Technical Report}, 
      author={OpenAI},
      year={2023},
      eprint={2303.08774},
      archivePrefix={arXiv},
      primaryClass={cs.CL}
}

@inproceedings{Radford2018ImprovingLU,
  title={Improving Language Understanding by Generative Pre-Training},
  author={Alec Radford and Karthik Narasimhan},
  year={2018}
}

@article{10.1197/jamia.M3096,
    author = {Yang, Hui and Spasic, Irena and Keane, John A. and Nenadic, Goran},
    title = "{A Text Mining Approach to the Prediction of Disease Status from Clinical Discharge Summaries}",
    journal = {Journal of the American Medical Informatics Association},
    volume = {16},
    number = {4},
    pages = {596-600},
    year = {2009},
    month = {07},
    issn = {1067-5027},
    doi = {10.1197/jamia.M3096},
    url = {https://doi.org/10.1197/jamia.M3096},
    eprint = {https://academic.oup.com/jamia/article-pdf/16/4/596/2307430/16-4-596.pdf},
}



@incollection{hughes2017medical,
  title={Medical text classification using convolutional neural networks},
  author={Hughes, Mark and Li, Irene and Kotoulas, Spyros and Suzumura, Toyotaro},
  booktitle={Informatics for Health: Connected Citizen-Led Wellness and Population Health},
  pages={246--250},
  year={2017},
  publisher={IOS Press}
}

@article{marafino2014n,
  title={N-gram support vector machines for scalable procedure and diagnosis classification, with applications to clinical free text data from the intensive care unit},
  author={Marafino, Ben J and Davies, Jason M and Bardach, Naomi S and Dean, Mitzi L and Dudley, R Adams},
  journal={Journal of the American Medical Informatics Association},
  volume={21},
  number={5},
  pages={871--875},
  year={2014},
  publisher={Oxford University Press}
}

@article{tripathy2017document,
  title={Document-level sentiment classification using hybrid machine learning approach},
  author={Tripathy, Abinash and Anand, Abhishek and Rath, Santanu Kumar},
  journal={Knowledge and Information Systems},
  volume={53},
  pages={805--831},
  year={2017},
  publisher={Springer}
}

@article{lipton2015learning,
  title={Learning to diagnose with LSTM recurrent neural networks},
  author={Lipton, Zachary C and Kale, David C and Elkan, Charles and Wetzel, Randall},
  journal={arXiv preprint arXiv:1511.03677},
  year={2015}
}

@inproceedings{jagannatha2016bidirectional,
  title={Bidirectional RNN for medical event detection in electronic health records},
  author={Jagannatha, Abhyuday N and Yu, Hong},
  booktitle={Proceedings of the conference. Association for Computational Linguistics. North American Chapter. Meeting},
  volume={2016},
  pages={473},
  year={2016},
  organization={NIH Public Access}
}



@article{DBLP:journals/corr/abs-1802-05365,
  author       = {Matthew E. Peters and
                  Mark Neumann and
                  Mohit Iyyer and
                  Matt Gardner and
                  Christopher Clark and
                  Kenton Lee and
                  Luke Zettlemoyer},
  title        = {Deep contextualized word representations},
  journal      = {CoRR},
  volume       = {abs/1802.05365},
  year         = {2018},
  url          = {http://arxiv.org/abs/1802.05365},
  eprinttype    = {arXiv},
  eprint       = {1802.05365},
  timestamp    = {Mon, 13 Aug 2018 16:48:54 +0200},
  biburl       = {https://dblp.org/rec/journals/corr/abs-1802-05365.bib},
  bibsource    = {dblp computer science bibliography, https://dblp.org}
}

@article{wei1,
  title={Use of Natural Language Processing to Improve Identification of Patients With Peripheral Artery Disease},
  author={E Hope Weissler and Jikai Zhang and Steven Lippmann and Shelley Rusincovitch and Ricardo Henao and W Schuyler Jones},
  journal={Circulation. Cardiovascular interventions},
  year={2020},
  DOI = {https://doi.org/10.1161/CIRCINTERVENTIONS.120.009447}
}

@article{
doi:10.1126/scitranslmed.aaa9364,
author = {Li Li  and Wei-Yi Cheng  and Benjamin S. Glicksberg  and Omri Gottesman  and Ronald Tamler  and Rong Chen  and Erwin P. Bottinger  and Joel T. Dudley },
title = {Identification of type 2 diabetes subgroups through topological analysis of patient similarity},
journal = {Science Translational Medicine},
volume = {7},
number = {311},
pages = {311ra174-311ra174},
year = {2015},
doi = {10.1126/scitranslmed.aaa9364},
URL = {https://www.science.org/doi/abs/10.1126/scitranslmed.aaa9364},
eprint = {https://www.science.org/doi/pdf/10.1126/scitranslmed.aaa9364},
}

@article{HASSANZADEH2020103406,
title = {Matching patients to clinical trials using semantically enriched document representation},
journal = {Journal of Biomedical Informatics},
volume = {105},
pages = {103406},
year = {2020},
issn = {1532-0464},
doi = {https://doi.org/10.1016/j.jbi.2020.103406},
url = {https://www.sciencedirect.com/science/article/pii/S1532046420300344},
author = {Hamed Hassanzadeh and Sarvnaz Karimi and Anthony Nguyen},
keywords = {Clinical document classification, Clinical trials, Cohort selection, Artificial neural networks, Deep learning, Natural language processing},
}

@article {Fonferko-Shadrache023232,
	author = {Beata Fonferko-Shadrach and Arron S Lacey and Angus Roberts and Ashley Akbari and Simon Thompson and David V Ford and Ronan A Lyons and Mark I Rees and William Owen Pickrell},
	title = {Using natural language processing to extract structured epilepsy data from unstructured clinic letters: development and validation of the ExECT (extraction of epilepsy clinical text) system},
	volume = {9},
	number = {4},
	elocation-id = {e023232},
	year = {2019},
	doi = {10.1136/bmjopen-2018-023232},
	publisher = {British Medical Journal Publishing Group},
	issn = {2044-6055},
	URL = {https://bmjopen.bmj.com/content/9/4/e023232},
	eprint = {https://bmjopen.bmj.com/content/9/4/e023232.full.pdf},
	journal = {BMJ Open}
}
